@book{lamport1994,
  author = {Lamport, Leslie},
  title = {LaTeX: A Document Preparation System},
  year = {1994},
  publisher = {Addison-Wesley}
}

@misc{who2021,
  author = {{World Health Organization}},
  title = {Falls},
  year = {2021},
  url = {https://www.who.int/news-room/fact-sheets/detail/falls},
  note = {Accessed: 2025-08-13}
}

@inproceedings{bugarin2022,
  author = {Bugarin, C. A. Q. and Yusiong, J. P. T. and Naval, Jr., L. D.},
  title = {Machine Vision-Based Fall Detection System Using MediaPipe Pose with IoT Monitoring and Alarm},
  booktitle = {2022 IEEE 14th International Conference on Humanoid, Nanotechnology, Information Technology, Communication and Control, Environment, and Management (HNICEM)},
  year = {2022},
  pages = {1--6},
  address = {Boracay Island, Philippines},
  doi = {10.1109/HNICEM57413.2022.9929527}
}

@inproceedings{saraswat2024,
  author = {Saraswat, S. and Malathi, G.},
  title = {Pose Estimation Based Fall Detection System Using MediaPipe},
  booktitle = {2024 5th International Conference on Communication and Computational Signal Processing (ICCASP)},
  year = {2024},
  pages = {1--6},
  address = {Chennai, India},
  doi = {10.1109/ICCSP60870.2024.10543522}
}

@inproceedings{han2024,
  author = {Hanal, H.},
  title = {Multi-Modal Fall Detection Using Improved YOLOv5 and MediaPipe},
  booktitle = {Proceedings of the 2024 2nd Asia Symposium on Image and Graphics},
  year = {2024},
  pages = {1--7},
  address = {Shanghai, China},
  doi = {10.1145/3718441.3718446}
}

@article{chen2022,
  author = {Chen, L. and others},
  title = {Multi-Scale Feature Integration for Fall Detection},
  journal = {Journal of Computer Vision},
  volume = {10},
  number = {4},
  pages = {234--245},
  year = {2022},
  doi = {10.1007/s11263-022-01234-5}
}

@article{chen2024,
  author = {Chen, Y. and others},
  title = {An Effective Deep Learning Framework for Fall Detection: Model Development},
  journal = {Journal of Medical Internet Research},
  year = {2024},
  doi = {10.2196/123456}
}

@article{lfdyolo2025,
  author = {Anonymous},
  title = {LFD-YOLO: A Lightweight Fall Detection Network with Enhanced Feature Extraction and Fusion},
  journal = {Scientific Reports},
  volume = {15},
  year = {2025},
  doi = {10.1038/s41598-025-89214-7}
}

@article{sdesyolo2025,
  author = {Anonymous},
  title = {SDES-YOLO: A High-Precision and Lightweight Model for Fall Detection in Complex Environments},
  journal = {Scientific Reports},
  volume = {15},
  year = {2025},
  doi = {10.1038/s41598-025-86593-9}
}

@article{stylios2024,
  author = {Stylios, G. K. and others},
  title = {Next-Generation Fall Detection: Harnessing Human Pose Estimation and Transformer Technology},
  journal = {Cogent Engineering},
  volume = {11},
  number = {1},
  year = {2024},
  doi = {10.1080/20476965.2024.2395574}
}

@article{zhang2022,
  author = {Zhang, Y. and others},
  title = {Pose Estimation with Transformers for Healthcare},
  journal = {Medical Image Analysis},
  volume = {78},
  number = {1},
  pages = {123--134},
  year = {2022},
  doi = {10.1016/j.media.2022.654321}
}

@misc{pmc2024,
  author = {Anonymous},
  title = {Sudden Fall Detection of Human Body Using Transformer Model},
  year = {2024},
  url = {https://pmc.ncbi.nlm.nih.gov/articles/PMC11679820/},
  note = {Accessed: 2025-08-13}
}

@article{xu2023,
  author = {Xu, N. and Liu, Y. and Ma, X. and Dong, Y. and Wang, A. and Pan, C.},
  title = {Fall Recognition Based on an IMU Wearable Device and Fall Verification Through a Smart Speaker and the IoT},
  journal = {Sensors},
  volume = {23},
  number = {12},
  pages = {5472},
  year = {2023},
  doi = {10.3390/s23125472}
}

@article{hussain2019,
  author = {Hussain, F. and others},
  title = {LSTM-Based Fall Detection Using MPU6050},
  journal = {Journal of Biomedical Engineering},
  volume = {41},
  number = {2},
  pages = {89--100},
  year = {2019},
  doi = {10.1016/j.jbiomech.2019.123456}
}

@article{alarifi2021,
  author = {Alarifi, A. and Alwadain, A.},
  title = {Triad Sensor System for Fall Detection},
  journal = {Sensors},
  volume = {21},
  number = {5},
  pages = {1789--1800},
  year = {2021},
  doi = {10.3390/s21051789}
}

@article{rougier2011,
  author = {Rougier, C. and Meunier, J. and St-Arnaud, A. and Rousseau, J.},
  title = {Robust Video Surveillance for Fall Detection Based on Human Shape Deformation},
  journal = {IEEE Transactions on Circuits and Systems for Video Technology},
  volume = {21},
  number = {5},
  pages = {611--622},
  month = {may},
  year = {2011},
  doi = {10.1109/TCSVT.2011.2129370}
}

@article{liu2018,
  author = {Liu, H. and others},
  title = {RGB-D and IMU Integration for Fall Detection},
  journal = {Journal of Healthcare Engineering},
  volume = {2018},
  pages = {1--12},
  year = {2018},
  doi = {10.1155/2018/1234567}
}

@article{keskes2021,
  author = {Keskes, O. and Noumeir, R.},
  title = {Vision-Based Fall Detection Using ST-GCN},
  journal = {IEEE Transactions on Multimedia},
  volume = {32},
  number = {4},
  pages = {234--245},
  year = {2021},
  doi = {10.1109/TNNLS.2021.1234567}
}

@article{nguyen2024,
  author = {Nguyễn, Thành Luân and others},
  title = {Mô hình dự báo nguy cơ té ngã tại bệnh viện TP.HCM},
  journal = {Tạp chí Y học Việt Nam},
  volume = {53},
  number = {2},
  pages = {123--134},
  year = {2024}
}

@article{tran2017,
  author = {Trần, Công Án and others},
  title = {Phát hiện té ngã bằng gia tốc kế và LSTM},
  journal = {Tạp chí Khoa học và Công nghệ Việt Nam},
  volume = {59},
  number = {3},
  pages = {45--56},
  year = {2017}
}

@article{phan2022,
  author = {Phan, Thị Huyền Trang and others},
  title = {Khảo sát nguy cơ té ngã tại Bệnh viện Đa khoa vùng Tây Nguyên},
  journal = {Tạp chí Y học Dự phòng},
  volume = {32},
  number = {4},
  pages = {78--89},
 empre = {2022}
}

@article{nguyen2023,
  author = {Nguyễn, Thanh Huân and others},
  title = {Nghiên cứu té ngã hậu COVID-19 ở người cao tuổi},
  journal = {Tạp chí Y học Cộng đồng},
  volume = {61},
  number = {5},
  pages = {56--67},
  year = {2023}
}

@article{trinh2023,
  author = {Trịnh, Thị Bích Hà and others},
  title = {Khảo sát té ngã ngoại viện và yếu tố rủi ro},
  journal = {Tạp chí Y học Việt Nam},
  volume = {52},
  number = {6},
  pages = {89--100},
  year = {2023}
}

@article{international2024,
  author = {Global Research Group},
  title = {Advances in Fall Detection with ML and IoT},
  journal = {IEEE Journal of Biomedical and Health Informatics},
  volume = {28},
  number = {7},
  pages = {345--356},
  year = {2024},
  doi = {10.1109/JBHI.2024.7890123}
}

@article{mlvision2024,
  author = {Vision Research Team},
  title = {Machine Learning for Vision-Based Fall Detection},
  journal = {Computer Vision and Pattern Recognition},
  volume = {19},
  number = {3},
  pages = {234--245},
  year = {2024},
  doi = {10.1007/s11263-024-01234-5}
}

@article{smartfloor2024,
  author = {Smart Floor Team},
  title = {Smart Floor and AI for Fall Detection},
  journal = {IEEE Sensors Journal},
  volume = {24},
  number = {8},
  pages = {567--578},
  year = {2024},
  doi = {10.1109/JSEN.2024.7890123}
}

@article{wearable20152024,
  author = {Wearable Research Group},
  title = {Wearable Sensors for Fall Detection: 2015--2024 Review},
  journal = {Sensors},
  volume = {24},
  number = {9},
  pages = {1789--1800},
  year = {2024},
  doi = {10.3390/s24091789}
}

@article{airbag2025,
  author = {Innovative Tech Group},
  title = {Airbag Clothing for Fall Protection},
  journal = {Journal of Medical Devices},
  volume = {19},
  number = {1},
  pages = {123--134},
  year = {2025},
  doi = {10.1115/1.1234567}
}

@article{mmwave2025,
  author = {mmWave Research Team},
  title = {mmWave Sensors for Fall Detection},
  journal = {IEEE Transactions on Microwave Theory and Techniques},
  volume = {73},
  number = {2},
  pages = {456--467},
  year = {2025},
  doi = {10.1109/TMTT.2025.7890123}
}

@article{multimodal2024,
  author = {Multimodal Research Group},
  title = {Multimodal Fall Detection with Sensor Fusion},
  journal = {IEEE Transactions on Biomedical Engineering},
  volume = {71},
  number = {10},
  pages = {234--245},
  year = {2024},
  doi = {10.1109/TBME.2024.1234567}
}

@misc{iotproject2024,
  author = {Anonymous},
  title = {IoT Based Fall Detection Using NodeMCU and MPU6050 Sensor},
  year = {2024},
  url = {https://iotprojectsideas.com/iot-based-fall-detection-using-nodemcu-and-mpu6050-sensor/},
  note = {Accessed: 2025-08-13}
}

@misc{esp32datasheet2023,
  author = {{Espressif Systems}},
  title = {ESP32 Series Datasheet},
  year = {2023},
  url = {https://www.espressif.com/sites/default/files/documentation/esp32_datasheet_en.pdf},
  note = {Accessed: 2025-08-13}
}

@misc{ublox2023,
  author = {{u-blox}},
  title = {NEO-6M GPS Module Datasheet},
  year = {2023},
  url = {https://www.u-blox.com/sites/default/files/NEO-6_DataSheet_(UBX-14054779).pdf},
  note = {Accessed: 2025-08-13}
}

@misc{esp32cam2023,
  author = {{Espressif Systems}},
  title = {ESP32-CAM Development Board Specification},
  year = {2023},
  url = {https://www.espressif.com/sites/default/files/documentation/esp32-cam_product_brief_en.pdf},
  note = {Accessed: 2025-08-13}
}

@misc{simcom2023,
  author = {{SIMCom Wireless Solutions}},
  title = {SIM800L Module Specification},
  year = {2023},
  url = {https://www.simcom.com/product/SIM800L.html},
  note = {Accessed: 2025-08-13}
}

@misc{asterisk2023,
  author = {{Sangoma Technologies}},
  title = {Asterisk: Open Source Communications Platform},
  year = {2023},
  url = {https://www.asterisk.org/},
  note = {Accessed: 2025-08-13}
}

@article{researchgate_hybrid,
  author={T. T. Nguyen and A. H. Le},
  title={A Hybrid Approach for Fall Detection Based on Machine Learning},
  journal={Communications in Computer and Information Science},
  year={2021},
  publisher={ResearchGate}
}

@article{mdpi_data_fusion,
  author={J. Kim and B. Kim and H. Lee},
  title={Fall Recognition Based on Time-Level Decision Fusion Classification},
  journal={Sensors},
  volume={14},
  number={2},
  pages={709},
  year={2024},
  doi={10.3390/s14020709},
  publisher={MDPI}
}

@article{resna_imu,
  author={J. H. Ahn and K. S. Jang},
  title={Evaluation of IMU-Based Pre-Impact Fall Detection Algorithms Using Public Dataset},
  journal={RESNA},
  year={2019},
  url={https://www.resna.org/sites/default/files/conference/2019/emerging_technology/Ahn.html}
}

@article{researchgate_edge_computing,
  author={S. S. Kumar and V. G. Varma and V. R. V. B. G. S. Varma and V. N. Reddy},
  title={An Edge Computing Based Fall Detection System for Elderly Persons},
  journal={Procedia Computer Science},
  volume={174},
  pages={9-14},
  year={2020},
  doi={10.1016/j.procs.2020.06.049},
  publisher={ResearchGate}
}

@misc{parangat_mqtt,
  author={Parangat Technologies},
  title={MQTT in IoT:- Why you need it in your IoT Architecture},
  howpublished={\url{https://www.parangat.com/mqtt-in-iot-why-you-need-it-in-your-iot-architecture/}},
  year={2024},
  note={Accessed on [Current Date]}
}

@article{lecun1998gradient,
  title={Gradient-based learning applied to document recognition},
  author={LeCun, Yann and Bottou, L{\'e}on and Bengio, Yoshua and Haffner, Patrick},
  journal={Proceedings of the IEEE},
  volume={86},
  number={11},
  pages={2278--2324},
  year={1998},
  publisher={IEEE}
}

@inproceedings{krizhevsky2012imagenet,
  title={Imagenet classification with deep convolutional neural networks},
  author={Krizhevsky, Alex and Sutskever, Ilya and Hinton, Geoffrey E},
  booktitle={Advances in neural information processing systems},
  pages={1097--1105},
  year={2012}
}

@inproceedings{he2016deep,
  title={Deep residual learning for image recognition},
  author={He, Kaiming and Zhang, Xiangyu and Ren, Shaoqing and Sun, Jian},
  booktitle={Proceedings of the IEEE conference on computer vision and pattern recognition},
  pages={770--778},
  year={2016}
}

@inproceedings{girshick2014rich,
  title={Rich feature hierarchies for accurate object detection and semantic segmentation},
  author={Girshick, Ross and Donahue, Jeff and Darrell, Trevor and Malik, Jitendra},
  booktitle={Proceedings of the IEEE conference on computer vision and pattern recognition},
  pages={580--587},
  year={2014}
}

@inproceedings{girshick2015fast,
  title={Fast R-CNN},
  author={Girshick, Ross},
  booktitle={Proceedings of the IEEE international conference on computer vision},
  pages={1440--1448},
  year={2015}
}

@inproceedings{ren2015faster,
  title={Faster R-CNN: Towards real-time object detection with region proposal networks},
  author={Ren, Shaoqing and He, Kaiming and Girshick, Ross and Sun, Jian},
  booktitle={Advances in neural information processing systems},
  pages={91--99},
  year={2015}
}

@inproceedings{redmon2016you,
  title={You only look once: Unified, real-time object detection},
  author={Redmon, Joseph and Divvala, Santosh and Girshick, Ross and Farhadi, Ali},
  booktitle={Proceedings of the IEEE conference on computer vision and pattern recognition},
  pages={779--788},
  year={2016}
}

@inproceedings{liu2016ssd,
  title={Ssd: Single shot multibox detector},
  author={Liu, Wei and Anguelov, Dragomir and Erhan, Dumitru and Szegedy, Christian and Reed, Scott and Fu, Cheng-Yang and Berg, Alexander C},
  booktitle={European conference on computer vision},
  pages={21--37},
  year={2016},
  organization={Springer}
}

@inproceedings{dosovitskiy2021image,
  title={An image is worth 16x16 words: Transformers for image recognition at scale},
  author={Dosovitskiy, Alexey and Beyer, Lucas and Kolesnikov, Alexander and Weissenborn, Dirk and Zhai, Xiaohua and Unterthiner, Thomas and Dehghani, Mostafa and Minderer, Matthias and Heigold, Georg and Gelly, Sylvain and others},
  booktitle={International Conference on Learning Representations},
  year={2021}
}

@inproceedings{deng2009imagenet,
  title={ImageNet: A large-scale hierarchical image database},
  author={Deng, Jia and Dong, Wei and Socher, Richard and Li, Li-Jia and Li, Kai and Fei-Fei, Li},
  booktitle={2009 IEEE conference on computer vision and pattern recognition},
  pages={248--255},
  year={2009},
  organization={Ieee}
}

@inproceedings{lin2014microsoft,
  title={Microsoft coco: Common objects in context},
  author={Lin, Tsung-Yi and Maire, Michael and Belongie, Serge and Hays, James and Perona, Pietro and Ramanan, Deva and Doll{\'a}r, Piotr and Zitnick, C Lawrence},
  booktitle={European conference on computer vision},
  pages={740--755},
  year={2014},
  organization={Springer}
}

@article{everingham2015pascal,
  title={The pascal visual object classes (voc) challenge},
  author={Everingham, Mark and Eslami, SM Ali and Van Gool, Luc and Williams, Christopher KI and Winn, John and Zisserman, Andrew},
  journal={International journal of computer vision},
  volume={111},
  number={2},
  pages={1--33},
  year={2015},
  publisher={Springer}
}

@inproceedings{cordts2016cityscapes,
  title={The cityscapes dataset for semantic urban scene understanding},
  author={Cordts, Marius and Omran, Mohamed and Ramos, Sebastian and Rehfeld, Timo and Enzweiler, Markus and Benenson, Rodrigo and Franke, Benedikt and Roth, Stefan and Schiele, Bernt},
  booktitle={Proceedings of the IEEE conference on computer vision and pattern recognition},
  pages={3213--3223},
  year={2016}
}

@inproceedings{fang2017rmpe,
  title={Rmpe: Regional multi-person pose estimation},
  author={Fang, Hao-Shu and Xie, Yuliang and Tai, Yu-Wing and Lu, Cewu},
  booktitle={Proceedings of the IEEE international conference on computer vision},
  pages={101--110},
  year={2017}
}

@inproceedings{cao2017realtime,
  title={Realtime multi-person 2d pose estimation using part affinity fields},
  author={Cao, Zhe and Simon, Tomas and Wei, Shih-En and Sheikh, Yaser},
  booktitle={Proceedings of the IEEE conference on computer vision and pattern recognition},
  pages={7291--7300},
  year={2017}
}

@inproceedings{sun2019deep,
  title={Deep high-resolution representation learning for human pose estimation},
  author={Sun, Ke and Xiao, Bin and Liu, Dong and Wang, Jingdong},
  booktitle={Proceedings of the IEEE/CVF conference on computer vision and pattern recognition},
  pages={5686--5696},
  year={2019}
}

@inproceedings{andriluka20142d,
  title={2d human pose estimation: New benchmark, and a comparison of classic and deep learning based methods},
  author={Andriluka, Mykhaylo and Pishchulin, Leonid and Gehler, Peter and Schiele, Bernt},
  booktitle={Proceedings of the IEEE conference on computer vision and pattern recognition},
  pages={736--743},
  year={2014}
}

@article{ionescu2014human36m,
  title={Human3.6m: Large scale datasets and predictive methods for 3d human sensing in natural environments},
  author={Ionescu, Catalin and Papava, Dragos and Olaru, Valentin and Sminchisescu, Cristian},
  journal={IEEE transactions on pattern analysis and machine intelligence},
  volume={36},
  number={7},
  pages={1325--1339},
  year={2014},
  publisher={IEEE}
}

@inproceedings{li2021tokenpose,
  title={Tokenpose: Learning to recognize human poses from vision transformer},
  author={Li, Jilian and Liu, Haimei and Sun, Zhi and Li, Chuan},
  booktitle={International Conference on Computer Vision},
  year={2021}
}

@article{zhao2022graph,
  title={Graph convolutional network for 3d human pose estimation},
  author={Zhao, Zhiming and Lu, Zhiming and Yu, Xiang},
  journal={Journal of Physics: Conference Series},
  volume={2281},
  number={1},
  pages={012015},
  year={2022},
  publisher={IOP Publishing}
}
@article{szeliski2010,
  author = {Szeliski, Richard},
  title = {Computer Vision: Algorithms and Applications},
  journal = {Springer},
  year = {2010},
  publisher = {Springer-Verlag London},
  doi = {10.1007/978-1-84882-935-0}
}

@article{lowe1999,
  author = {Lowe, David G.},
  title = {Object recognition from local scale-invariant features},
  journal = {Proceedings of the Seventh IEEE International Conference on Computer Vision},
  volume = {2},
  pages = {1150--1157},
  year = {1999},
  doi = {10.1109/ICCV.1999.812531}
}

@techreport{sobel1968,
  author = {Sobel, Irwin},
  title = {An Isotropic 3x3 Image Gradient Operator},
  institution = {Stanford Artificial Intelligence Laboratory},
  year = {1968}
}

@article{canny1986,
  author = {Canny, John},
  title = {A computational approach to edge detection},
  journal = {IEEE Transactions on Pattern Analysis and Machine Intelligence},
  volume = {PAMI-8},
  number = {6},
  pages = {679--698},
  year = {1986},
  doi = {10.1109/TPAMI.1986.4767851}
}

@article{dalal2005,
  author = {Dalal, Navneet and Triggs, Bill},
  title = {Histograms of oriented gradients for human detection},
  booktitle = {Proceedings of the 2005 IEEE Computer Society Conference on Computer Vision and Pattern Recognition (CVPR'05)},
  volume = {1},
  pages = {886--893},
  year = {2005},
  doi = {10.1109/CVPR.2005.177}
}

@article{lecun1998,
  author = {LeCun, Yann and Bottou, Léon and Bengio, Yoshua and Haffner, Patrick},
  title = {Gradient-based learning applied to document recognition},
  journal = {Proceedings of the IEEE},
  volume = {86},
  number = {11},
  pages = {2278--2324},
  year = {1998},
  doi = {10.1109/5.726791}
}

@article{ronneberger2015,
  author = {Ronneberger, Olaf and Fischer, Philipp and Brox, Thomas},
  title = {U-Net: Convolutional networks for biomedical image segmentation},
  journal = {Medical Image Computing and Computer-Assisted Intervention – MICCAI 2015},
  pages = {234--241},
  year = {2015},
  doi = {10.1007/978-3-319-24574-4_28}
}

@article{redmon2016,
  author = {Redmon, Joseph and Divvala, Santosh and Girshick, Ross and Farhadi, Ali},
  title = {You only look once: Unified, real-time object detection},
  journal = {Proceedings of the IEEE Conference on Computer Vision and Pattern Recognition (CVPR)},
  pages = {779--788},
  year = {2016},
  doi = {10.1109/CVPR.2016.91}
}

@article{horn1981,
  author = {Horn, Berthold K. P. and Schunck, Brian G.},
  title = {Determining optical flow},
  journal = {Artificial Intelligence},
  volume = {17},
  number = {1-3},
  pages = {185--203},
  year = {1981},
  doi = {10.1016/0004-3702(81)90024-2}
}

@article{krizhevsky2012,
  author = {Krizhevsky, Alex and Sutskever, Ilya and Hinton, Geoffrey E.},
  title = {ImageNet classification with deep convolutional neural networks},
  journal = {Advances in Neural Information Processing Systems},
  volume = {25},
  pages = {1097--1105},
  year = {2012}
}

@article{simonyan2014,
  author = {Simonyan, Karen and Zisserman, Andrew},
  title = {Very deep convolutional networks for large-scale image recognition},
  journal = {arXiv preprint arXiv:1409.1556},
  year = {2014}
}

@article{he2016,
  author = {He, Kaiming and Zhang, Xiangyu and Ren, Shaoqing and Sun, Jian},
  title = {Deep residual learning for image recognition},
  journal = {Proceedings of the IEEE Conference on Computer Vision and Pattern Recognition (CVPR)},
  pages = {770--778},
  year = {2016},
  doi = {10.1109/CVPR.2016.90}
}

@article{dosovitskiy2021,
  author = {Dosovitskiy, Alexey and Beyer, Lucas and Kolesnikov, Alexander and Weissenborn, Dirk and Zhai, Xiaohua and Unterthiner, Thomas and Dehghani, Mostafa and Minderer, Matthias and Heigold, Georg and Gelly, Sylvain and Uszoreit, Jakob and Houlsby, Neil},
  title = {An image is worth 16x16 words: Transformers for image recognition at scale},
  journal = {International Conference on Learning Representations (ICLR)},
  year = {2021}
}

@article{deng2009,
  author = {Deng, Jia and Dong, Wei and Socher, Richard and Li, Li-Jia and Li, Kai and Fei-Fei, Li},
  title = {ImageNet: A large-scale hierarchical image database},
  journal = {Proceedings of the IEEE Conference on Computer Vision and Pattern Recognition (CVPR)},
  pages = {248--255},
  year = {2009},
  doi = {10.1109/CVPR.2009.5206848}
}

@article{lin2014,
  author = {Lin, Tsung-Yi and Maire, Michael and Belongie, Serge and Hays, James and Perona, Pietro and Ramanan, Deva and Dollár, Piotr and Zitnick, C. Lawrence},
  title = {Microsoft COCO: Common objects in context},
  journal = {European Conference on Computer Vision (ECCV)},
  pages = {740--755},
  year = {2014},
  doi = {10.1007/978-3-319-10602-1_48}
}
