
@book{lamport1994latex,
  title={LaTeX: a document preparation system},
  author={Lamport, Leslie},
  year={1994},
  publisher={Addison-Wesley}
}
@inproceedings{bugarin2022,
  author    = {C. A. Q. Bugarin and J. P. T. Yusiong and L. D. Naval Jr.},
  title     = {Machine Vision-Based Fall Detection System using MediaPipe Pose with IoT Monitoring and Alarm},
  booktitle = {2022 IEEE 14th International Conference on Humanoid, Nanotechnology, Information Technology, Communication and Control, Environment, and Management (HNICEM)},
  year      = {2022},
  pages     = {1--6},
  doi       = {10.1109/HNICEM57413.2022.9929527},
  location  = {Boracay Island, Philippines}
}

@inproceedings{han2024,
  author    = {H. Hanal},
  title     = {Multi-modal fall detection using improved YOLOv5 and mediapipe},
  booktitle = {Proceedings of the 2024 2nd Asia Symposium on Image and Graphics},
  year      = {2024},
  pages     = {1--7},
  location  = {Shanghai, China},
  doi       = {10.1145/3718441.3718446}
}

@article{rougier2011,
  author  = {C. Rougier and J. Meunier and A. St-Arnaud and J. Rousseau},
  title   = {Robust Video Surveillance for Fall Detection Based on Human Shape Deformation},
  journal = {IEEE Transactions on Circuits and Systems for Video Technology},
  volume  = {21},
  number  = {5},
  pages   = {611--622},
  year    = {2011},
  month   = may,
  doi     = {10.1109/TCSVT.2011.2129370}
}

@inproceedings{saraswat2024,
  author    = {S. Saraswat and G. Malathi},
  title     = {Pose Estimation based Fall Detection system using MediaPipe},
  booktitle = {2024 5th International Conference on Communication and Computational Signal Processing (ICCASP)},
  location  = {Chennai, India},
  year      = {2024},
  pages     = {1--6},
  doi       = {10.1109/ICCSP60870.2024.10543522}
}

@article{lfdyolo2025,
  author  = {Anonymous},
  title   = {LFD-YOLO: a lightweight fall detection network with enhanced feature extraction and fusion},
  journal = {Scientific Reports},
  volume  = {15},
  year    = {2025},
  doi     = {10.1038/s41598-025-89214-7}
}

@article{sdesyolo2025,
  author  = {Anonymous},
  title   = {SDES-YOLO: A high-precision and lightweight model for fall detection in complex environments},
  journal = {Scientific Reports},
  volume  = {15},
  year    = {2025},
  doi     = {10.1038/s41598-025-86593-9}
}

@article{stylios2024,
  author  = {G. K. Stylios and others},
  title   = {Next-generation fall detection: harnessing human pose estimation and transformer technology},
  journal = {Cogent Engineering},
  volume  = {11},
  number  = {1},
  year    = {2024},
  doi     = {10.1080/20476965.2024.2395574}
}

@online{pmc2024,
  author  = {Anonymous},
  title   = {Sudden Fall Detection of Human Body Using Transformer Model},
  year    = {2024},
  note    = {[Online]},
  url     = {https://pmc.ncbi.nlm.nih.gov/articles/PMC11679820/}
}

@article{xu2023,
  author  = {N. Xu and Y. Liu and X. Ma and Y. Dong and A. Wang and C. Pan},
  title   = {Fall Recognition Based on an IMU Wearable Device and Fall Verification through a Smart Speaker and the IoT},
  journal = {Sensors},
  volume  = {23},
  number  = {12},
  pages   = {5472},
  year    = {2023},
  doi     = {10.3390/s23125472}
}

@online{iotproject2024,
  author  = {Anonymous},
  title   = {IoT based Fall Detection using NodeMCU and MPU6050 Sensor},
  year    = {2024},
  note    = {[Online]},
  url     = {https://iotprojectsideas.com/iot-based-fall-detection-using-nodemcu-and-mpu6050-sensor/}
}

@article{chen2024,
  author  = {Y. Chen and others},
  title   = {An Effective Deep Learning Framework for Fall Detection: Model Development},
  journal = {Journal of Medical Internet Research},
  year    = {2024}
}

@article{keskes2021,
  author  = {O. Keskes and R. Noumeir},
  title   = {Vision-based fall detection using ST-GCN},
  journal = {IEEE Transactions on Multimedia},
  year    = {2021}
}
